@book{esimerkki,
  title = {Graph Theory},
  author = {Reinhard Diestel},
  publisher = {Springer},
  year = {2005},
  address = {Berliini},
  edition = {3.}
}


@incollection{gorton_understanding_2011,
	title = {Understanding Software Architecture},
	rights = {Â©2011 Springer-Verlag Berlin Heidelberg},
	isbn = {978-3-642-19175-6 978-3-642-19176-3},
	pages = {1--15},
	booktitle = {Essential Software Architecture},
	publisher = {Springer Berlin Heidelberg},
	author = {Gorton, Ian},
	urldate = {2016-02-14},
	year = {2011},
	langid = {english},
	keywords = {{IT} in Business, Management of Computing and Information Systems, Software Engineering}
}

@book{Rozanski:2011:SSA:2072649,
 author = {Rozanski, Nick and Woods, Ein},
 title = {Software Systems Architecture: Working With Stakeholders Using Viewpoints and Perspectives},
 year = {2011},
 isbn = {032171833X, 9780321718334},
 edition = {2},
 publisher = {Addison-Wesley Professional}
} 


@inproceedings{solms_what_2012,
	location = {New York, {NY}, {USA}},
	title = {What is Software Architecture?},
	isbn = {978-1-4503-1308-7},
	doi = {10.1145/2389836.2389879},
	series = {{SAICSIT} '12},
	pages = {363--373},
	booktitle = {Proceedings of the South African Institute for Computer Scientists and Information Technologists Conference},
	publisher = {{ACM}},
	author = {Solms, Fritz},
	year = {2012},
	keywords = {reference architecture, software architecture}
}

@article{_ieee_2000,
	title = {{IEEE} Recommended Practice for Architectural Description of Software-Intensive Systems},
	doi = {10.1109/IEEESTD.2000.91944},
	abstract = {This recommended practice addresses the activities of the creation, analysis, and sustainment of architectures of software-intensive systems, and the recording of such architectures in terms of architectural descriptions . A conceptual framework for architectural description is established. The content of an architectural description is defined. Annexes provide the rationale for key concepts and terminology, the relationships to other standards, and examples of usage.},
	pages = {i--23},
	journaltitle = {{IEEE} Std 1471-2000},
	date = {2000},
	keywords = {architectural description, architecture, software-intensive system, stakeholder con-cerns, system stakeholder, view, viewpoint},
	file = {IEEE Xplore Abstract Record:files/98/abs_all.html:text/html}
}


